@article{author2020,
  author       = {Smith, John and Johnson, Mary},
  title        = {A Sample Article Title},
  journal      = {Journal of Sample Research},
  year         = {2020},
  volume       = {42},
  number       = {3},
  pages        = {567-581},
}

@book{examplebook,
  author       = {Doe, Jane},
  title        = {An Example Book},
  publisher    = {Sample Publisher},
  year         = {2019},
  address      = {City, Country},
}

@inproceedings{conferencepaper,
  author       = {Brown, Robert},
  title        = {A Conference Paper},
  booktitle    = {Proceedings of the International Conference on Sample Topics},
  year         = {2021},
  pages        = {123-135},
}

@online{mercado,
  author       = {Mordor Intelligence},
  title        = {Mercado de la visión artificial},
  year         = {2024},
  url          ={https://www.mordorintelligence.com/es/industry-reports/machine-vision-systems-market}
}

@online{historia,
  author       = {Rostyslav Demush},
  title        = {A Brief History of Computer Vision (and Convolutional Neural Networks)},
  year         = {2019},
  url          ={https://hackernoon.com/a-brief-history-of-computer-vision-and-convolutional-neural-networks-8fe8aacc79f3}
}

@online{rastreo,
  author       = {James Le},
  title        = {The 5 Computer Vision Techniques That Will Change How You See The World},
  year         = {2018},
  url          ={https://heartbeat.comet.ml/the-5-computer-vision-techniques-that-will-change-how-you-see-the-world-1ee19334354b}
}

@online{cv2,
  author       = {andrey.senyaev},
  title        = {opencv-python 4.9.0.80},
  year         = {2023},
  url          ={https://pypi.org/project/opencv-python}
}

@online{skimage,
  author       = {Emmanuelle},
  title        = {scikit-image 0.23.2},
  year         = {2024},
  url          ={https://pypi.org/project/scikit-image}
}

@online{pytesseract,
  author       = {madmaze},
  title        = {pytesseract 0.3.10},
  year         = {2022},
  url          ={https://pypi.org/project/pytesseract}
}

@online{beneficios,
  author       = {Lorena Ramírez},
  title        = {Visión artificial en la industria 4.0: ¿Qué es y qué aplicaciones tiene?},
  year         = {2023},
  url          ={https://www.iebschool.com/blog/vision-artificial-en-la-industria-4-0-que-es-big-data/}
}

